@manual{ref:using_VMD, 
	title="{Using VMD}", 
	note="Also available as \url{http://www.ks.uiuc.edu/Training/Tutorials/vmd/tutorial-html/index.html}", 
	author={Stone, John E.},
	organization="{NIH Resource for Macromolecular Modeling and Bioinformatics, UIUC}",
	year={2017}
}


@manual{ref:VMD_ug, 
	title="{VMD User's Guide}", 
	note="Also available as \url{https://www-s.ks.uiuc.edu/Research/vmd/current/ug.pdf}", 
	author={Caddigan, E and Cohen, J and Gullingsrud, J and Stone, J},
	organization="{NIH Resource for Macromolecular Modeling and Bioinformatics, UIUC}",
	year={2016}
}


@manual{ref:NAMD_ug,
  title="{NAMD User’s Guide}",
  note="Also available as \url{http://www-s.ks.uiuc.edu/Research/namd/2.12/ug.pdf}",
  author={Bhandarkar, M and Brunner, R and Chipot, C and Dalke, A and Dixit, S and Grayson, P and Gullingsrud, J and Gursoy, A and Hardy, D and Humphrey, W and others},
  organization="{Theoretical and Computational Biophysics Group, Beckman Institute, University of Illinois}",
  year={2003}
}


@article{ref:NAMD,
	author = {James C. Phillips and Rosemary Braun and Wei Wang and James Gumbart and Emad Tajkhorshid and Elizabeth Villa and Christophe Chipot and Robert D. Skeel and Laxmikant Kalé and Klaus Schulten},
	title = "{Scalable molecular dynamics with NAMD}",
	journal = "{Journal of Computational Chemistry}",
	volume = {26},
	number = {16},
	pages = {1781-1802},
	year = {2005},
	keywords = {biomolecular simulation, molecular dynamics, parallel computing},
	doi = {10.1002/jcc.20289},
	url = {https://onlinelibrary.wiley.com/doi/abs/10.1002/jcc.20289},
	eprint = {https://onlinelibrary.wiley.com/doi/pdf/10.1002/jcc.20289}
}


@unpublished{ref:QNS_Keller,
	author = {Keller, Gerald R.},
	title = "{Quasielastic Neutron Scattering}",
	year = {2004},
	organization = "{Centre de Biophysique Moléculaire CNRS and Laboratoire Léon Brillouin}",
	note = "{Lecture B9}"
}

@unpublished{ref:mypresentation,
	author = {Di Bari, Daniele},
	title = "{Molecular Dynamics Simulation - A brief introduction of selected concepts.}",
	note = "Also available as \url{https://github.com/DanieleDiBari/Selected_concepts_of_Molecular_Dynamics_Simulation}",
	year = {2018},
}

@unpublished{ref:MDsim_Gkeka,
	title = "{Molecular Dynamics simulations of lysozyme in water}",
	author = {Gkeka, Paraskevi and Cournia, Zoe},
	organization = "{Biomedical Research Foundation, Academy of Athens}",
	note = "{MSc in Bioinformatics and Medical Informatics}",
	year = {2015/2016}
}

@book{ref:AllenTildesley_1ed,
	title = "{Computer Simulation of Liquids}",
	year = {1987},
	author = {Allen, M. P. and Tildesley, D. J.},
	publisher = "{Oxford University Press}",
	edition = {first}
}

@book{ref:AllenTildesley_2ed,
	title = "{Computer Simulation of Liquids}",
	year = {2017},
	author = {Allen, M. P. and Tildesley, D. J.},
	publisher = "{Oxford University Press}",
	edition = {second}
}

@article{ref:NAMD-VMD_Kukol,
	author = {Kukol, Andreas},
	year = {2016},
	title = "{NAMD-VMD tutorial}",
	journal = "{ResearchGate}"
}