@article{unodc2014, 
title={World Drug Report 2014}, 
journal={World drug report 2014}, 
author={UNODC}, 
year={2014}, 
month={Aug}
}

@article{unodc2017, 
title={World drug report 2017}, 
url={https://www.unodc.org/wdr2017/index.html}, 
journal={World drug report 2017}, 
author={UNODC}, 
year={2017}, 
month={Aug}
}

@article{unodc_2006, 
title={World Drug Report 2006}, url={https://www.unodc.org/unodc/en/data-and-analysis/WDR-2006.html}, 
journal={World Drug Report}, 
author={United Nations Office on Drugs and Crime}, 
year={2006}
}

@misc{gov_australia, 
title={National Pollutant Inventory: Government of Australia}, 
url={http://www.npi.gov.au/resource/sulfuric-acid}, 
journal={National Pollutant Inventory},
year={2016}
}

@book{wainwright_2016,
	place={London},
	title={Narconomics: how to run a drug cartel},
	publisher={Ebury Press},
	author={Wainwright, Tom},
	year={2016}
} 

@book{turner_eco_amb_2003, 
	place={Bologna},
	title={Economia ambientale},
	publisher={Il mulino},
	author={Turner, Kerry R. and Pearce, David William. and Bateman, Ian and Pellizzari, Fausta},
	year={2003}
} 

@misc{lakhani_2016,
	title={Mexico's war on drugs: what has it achieved and how is the {US} involved?},
	url={https://www.theguardian.com/news/2016/dec/08/mexico-war-on-drugs-cost-achievements-us-billions},
	journal={{The Guardian}},
	publisher={{Guardian News and Media}},
	author={Lakhani, Nina},
	year={2016},
	month={Dec}
}


@misc{nasa_2018,
	title={{Climate change evidence: How do we know?}},
	url={https://climate.nasa.gov/evidence/},
	journal={NASA},
	publisher={NASA},
	year={2018},
	month={Feb}
}

@article{pine2007economy,
	title={{Economy of speed: The new narco-capitalism}},
	author={Pine, Jason},
	journal={{Public Culture}},
	volume={19},
	number={2},
	pages={357--366},
	year={2007},
	publisher={{Duke University Press}}
}

@article{beckert2012shadow,
	title={In the shadow: illegal markets and economic sociology},
	author={Beckert, Jens and Wehinger, Frank},
	journal={{Socio-Economic Review}},
	volume={11},
	number={1},
	pages={5--30},
	year={2012},
	publisher={{Oxford University Press}}
}

@misc{robert_henson_2011,
	title={What is the {Kyoto} protocol and has it made any difference?},
	url={https://www.theguardian.com/environment/2011/mar/11/kyoto-protocol},
	journal={{The Guardian}},
	publisher={{Guardian News and Media}},
	author={Henson, Robert},
	year={2011},
	month={Mar}
}

@misc{addictioncenter_2018,
	title={{Top 10 Most Common Drug and Alcohol Addictions in the U.S.}}, 
	url={https://www.addictioncenter.com/addiction/10-most-common-addictions/},
	journal={AddictionCenter},
	author={AddictionCenter},
	year={2018},
	month={Mar}
}

@article{cicerone2014climate,
  title={{Climate Change Evidence and Causes}},
  author={Cicerone, R and Nurse, Paul},
  journal={{National Academy of Sciences with The Royal Society, Washington, DC}},
  year={2014}
}

@inbook {stavins_environmental_2008,
	title = {{Environmental Economics}},
	booktitle = {{The New Palgrave Dictionary of Economics}},
	year = {2008},
	note = {C-29},
	publisher = {Palgrave Macmillan},
	organization = {Palgrave Macmillan},
	edition = {2nd ed.},
	address = {Basingstoke, Hampshire ; New York},
	keywords = {Dictionaries., Dictionnaires., Economics Dictionaries., Economics., {\'e}conomie politique dictionnaire., Science {\'e}conomique.},
	isbn = {978-0-333-78676-5},
	author = {Robert N. Stavins},
	editor = {Steven N. Durlauf and Blume, Lawrence}
}

@book{cropper1998implications,
	title={The implications of hyperbolic discounting for project evaluation},
	author={Cropper, Maureen L and Laibson, David I},
	year={1998},
	publisher={{World Bank Publications}}
}

@article{cropper1994preferences,
	title={Preferences for life saving programs: how the public discounts time and age},
	author={Cropper, Maureen L and Aydede, Sema K and Portney, Paul R},
	journal={{Journal of Risk and Uncertainty}},
	volume={8},
	number={3},
	pages={243--265},
	year={1994},
	publisher={Springer}
}

@misc{c2es_2018,
	title={{Cap and Trade Basics}},
	url={https://www.c2es.org/content/cap-and-trade-basics/},
	journal={{Center for Climate and Energy Solutions}},
	year={2018},
	month={Feb}
}

@article{grovel1996preservation,
	title={{La pr{\'e}servation des for{\^e}ts du Rif centro-occidental: un enjeu de d{\'e}veloppement de la montagne rifaine}},
	author={Grovel, R{\'e}mi},
	journal={Revue de g{\'e}ographie alpine},
	volume={84},
	number={4},
	pages={75--94},
	year={1996},
	publisher={{Pers{\'e}e-Portail des revues scientifiques en SHS}}
}

@inbook {EMCDDA_2016a,
	title = {Cannabis production},
	booktitle = {{EU Drug Markets Report: In-Depth Analysis}},
	year = {2016},
	publisher = {{EMCDDA–Europol Joint publications, Publications Office of the European Union, Luxembourge}},
	isbn = {978-92-9168-843-2},
	author = {{European Monitoring Centre for Drugs and Drug Addiction and Europol}},
	url = {http://www.emcdda.europa.eu/publications/eu-drug-markets/2016/online/cannabis/cannabis-production_en}
}

@techreport{Arnold_2011,
	month = {November},
	author = {Colette Arnold},
	address = {Dublin},
	title = {{The potency of THC in Cannabis products.}},
	publisher = {{National Advisory Committee on Drugs}},
	year = {2011},
	url = {https://www.drugsandalcohol.ie/14961/}
}

@article{rosi2015review,
	title = "A review of ecological effects and environmental fate of illicit drugs in aquatic ecosystems",
	journal = "Journal of Hazardous Materials",
	volume = "282",
	pages = "18 -- 25",
	year = "2015",
	author = "Rosi-Marshall, E J and Snow, D and Bartelt-Hunt, S L and Paspalof, A and Tank, J L",
	keywords = "Cocaine, Heroin, Methamphetamines, Aquatic organisms, Freshwater"
}

@TechReport{RePEc:oec:govaab:2012/10-en,
  author = "Merk, Olaf and Saussier, Stéphane and Staropoli, Carine and Slack, Enid and Kim, Jay-Hyung",
  title={{Financing Green Urban Infrastructure}},
  year=2012,
  month=Sep,
  institution={OECD Publishing},
  type={OECD Regional Development Working Papers},
  url={https://ideas.repec.org/p/oec/govaab/2012-10-en.html},
  number={2012/10},
  keywords={green growth; infrastructure finance; private finance; public private partnerships; urban developmen}
}

@misc{EMCDDA_2016b,
	title = {{Perspectives on drugs: Cocaine trafficking to Europe}},
	year = {2016},
	month = {May},
	author = {{European Monitoring Centre for Drugs and Drug Addiction and Europol}},
	url = {http://www.emcdda.europa.eu/cocaine-trafficking-europe_en}
}

@misc{stratfor_2016,
	title={{From Colombia to New York City: The narconomics of cocaine}},
	url={http://www.businessinsider.com/from-colombia-to-new-york-city-the-economics-of-cocaine-2015-7?IR=T},
	journal={Business Insider},
	publisher={Business Insider},
	author={Stewart, Scott},
	year={2016},
	month={Jun}
}

@article{beckert2009social,
  title={The social order of markets},
  author={Beckert, Jens},
  journal={{Theory and Society}},
  volume={38},
  number={3},
  pages={245--269},
  year={2009},
  publisher={Springer}
}

@misc{sandiego_2010,
	title = "{Justice in Mexico: Monthly News Report}",
	author = "{University of San Diego: Trans-Border Institute}",
	year = "2010",
	month = "Jun",
	url = {http://catcher.sandiego.edu/items/peacestudies/june2010.pdf}
}

@article{morris2012corruption,
  title={Corruption, drug trafficking, and violence in {Mexico}},
  author={Morris, Stephen D},
  journal={{The Brown Journal of World Affairs}},
  volume={18},
  number={2},
  pages={29--43},
  year={2012},
  publisher={JSTOR}
}

@book {EMCDDA_2016c,
	title = {{EU Drug Markets Report: In-Depth Analysis}},
	year = {2016},
	publisher = {{EMCDDA–Europol Joint publications, Publications Office of the European Union, Luxembourge}},
	isbn = {978-92-9168-843-2},
	author = {{European Monitoring Centre for Drugs and Drug Addiction and Europol}},
	url = {http://www.emcdda.europa.eu/publications/eu-drug-markets/2016/online}
}

@book {UNODC_2010,
	title = {{World Drug Report 2010}},
	year = {2010},
	publisher = {{United Nations Publication}},
	isbn = {978-92-1-148256-0},
	author = {{UNODC}},
	url = {http://www.unodc.org/unodc/en/data-and-analysis/WDR-2010.html}
}

@misc{havocscope,
	title={{Marijuana Prices}},
	url={https://www.havocscope.com/black-market-prices/marijuana-prices/},
	journal={Havocscope},
	author={Havocscope}
}

@misc{kraul_2017,
	title={Colombian coca farmers, facing a threat to their livelihood, resist {U.S.}-backed efforts to eradicate cocaine production},
	url={http://www.latimes.com/world/mexico-americas/la-fg-colombia-cocaine-2017-htmlstory.html},
	journal={{Los Angeles Times}},
	publisher={{Los Angeles Times}},
	author={Kraul, Chris},
	year={2017},
	month={Nov}
} 

@misc{murphy_2015,
	title={Labor shortage to limit {Colombian} coffee crops as beans go unpicked},
	url={https://www.reuters.com/article/coffee-colombia/labor-shortage-to-limit-colombian-coffee-crops-as-beans-go-unpicked-idUSL2N0XA28020150603},
	journal={Reuters},
	publisher={{Thomson Reuters}},
	author={Murphy, Peter},
	year={2015},
	month={Jun}
}


@article{buscaglia2010mexico,
  title={M{\'e}xico pierde la guerra},
  author={Buscaglia, Edgardo},
  journal={Esquire (March)},
  pages={95--110},
  year={2010},
  url={http://www.institutodeaccionciudadana.org/docs/documentos/5.pdf}
}


@misc{oppel_2009,
	title={{U.N. Finds Evidence of Afghan Drug Cartels}},
	url={https://www.nytimes.com/2009/09/02/world/asia/02afghan.html},
	journal={{The New York Times}},
	publisher={{The New York Times}},
	author={Oppel, Richard A. Jr.},
	year={2009},
	month={Sep}
}


@book{national2010understanding,
  title={Understanding the demand for illegal drugs},
  author={National Research Council and others},
  year={2010},
  publisher={National Academies Press}
}


@misc{cnn_2017,
	title={{Mexico Drug War Fast Facts}},
	url={https://edition.cnn.com/2013/09/02/world/americas/mexico-drug-war-fast-facts/index.html},
	journal={CNN},
	publisher={Cable News Network},
	year={2017},
	month={Dic}
}

@inbook {UNODC_andean_2006,
	title = {{Environmental Effects of Illicit Drug Cultivation and Processing}},
	booktitle = {{Coca Cultivation in the Andean Region}},
	year = {2006},
	month = {Jun},
	author = {{UNODC}},
	url = {https://www.unodc.org/pdf/andean/Andean_report_Part2.pdf}
}

@misc{wwf,
	title={{Soil Erosion and Degradation}},
	url={https://www.worldwildlife.org/threats/soil-erosion-and-degradation},
	journal={WWF},
	publisher={{World Wildlife Fund}},
	author={WWF}
}


@misc{australian_government,
	title={Sulfuric acid},
	url={http://www.npi.gov.au/resource/sulfuric-acid},
	journal={{National Pollutant Inventory}},
	author={{Australian Government}}
}


@misc{hsbnoticias_2017,
	title={Reincidencia en cultivos de coca en Caquet\'{a}},
	url={http://hsbnoticias.com/noticias/judicial/reincidencia-en-cultivos-de-coca-en-caqueta-380365},
	journal={hsbnoticias.com},
	year={2017},
	month={Dec}
}

@misc{schoonjans_2017,
	title={Summary statistics},
	url={https://www.medcalc.org/manual/summary_statistics.php},
	journal={MedCalc},
	publisher={MedCalc Software},
	author={Schoonjans, Frank},
	year={2017},
	month={Jul}
}


@article{wiltsie_2009,
	title={{Is Global Warming Real?}},
	url={https://www.nationalgeographic.com/environment/global-warming/global-warming-real/},
	journal={{National Geographic}},
	year={2009},
	month={Oct}
}


@article{metcalf2017integrated,
  title={Integrated assessment models and the social cost of carbon: a review and assessment of {US} experience},
  author={Metcalf, Gilbert E and Stock, James H},
  journal={{Review of Environmental Economics and Policy}},
  volume={11},
  number={1},
  pages={80--99},
  year={2017},
  publisher={{Oxford University Press}},
  url = {http://scholar.harvard.edu/files/stock/files/integratedassessment_2017.pdf}
}

@misc{substance_2013,
	title = {{Teen Substance Abuse Statistics, Charts and Graphs}},
	url = {from http://www.parentingteens.com/teen-substance-abuse-statistics-charts-and-graphs/},
	year = {2013},
	month = {Mar}
}


@misc{eu_2017,
	title={{Emissions Trading System}},
	url={https://ec.europa.eu/clima/policies/ets_en},
	journal={{Climate Action - European Commission}},
	author={{EU}},
	year={2017},
	month={Feb}
}


@misc{osborne_1997,
	title={Pareto efficiency},
	url={https://www.economics.utoronto.ca/osborne/2x3/tutorial/PE.HTM},
	journal={www.economics.utoronto.ca},
	author={Osborne, Martin J.},
	year={1997}
}


@article{cota_2012,
	title={{Mexico cartels paid USD 4.5 million political bribes: court}},
	url={https://www.reuters.com/article/us-mexico-drugs/mexico-cartels-paid-4-5-million-political-bribes-court-idUSTRE81A05620120211},
	journal={Reuters},
	publisher={{Thomson Reuters}},
	author={Cota, Isabella},
	year={2012},
	month={Feb}
}


@article{davalos2011,
author = {D\'{a}valos, Liliana M. and Bejarano, Adriana C. and Hall, Mark A. and Correa, H. Leonardo and Corthals, Angelique and Espejo, Oscar J.},
title = {Forests and Drugs: Coca-Driven Deforestation in Tropical Biodiversity Hotspots},
journal = {Environmental Science \& Technology},
volume = {45},
number = {4},
pages = {1219-1227},
year = {2011},
 note ={PMID: 21222455},
URL = { https://doi.org/10.1021/es102373d}
}


@misc{ganjapreneur, 
title={Units of Measurement for Marijuana}, 
url={https://www.ganjapreneur.com/units-measurement-marijuana/}, 
journal={Ganjapreneur}, 
author={Ganjapreneur}
}

